<?xml version="1.0" encoding="UTF-8"?>
<record xmlns="http://www.loc.gov/MARC21/slim">
   <leader>00941cam a2200229   4500</leader>
   <controlfield tag="001">2756299</controlfield>
   <controlfield tag="003">NjP</controlfield>
   <controlfield tag="005">20171010173133.0</controlfield>
   <controlfield tag="008">890803s1905    ua            000 0 ara d</controlfield>
   <datafield tag="024" ind1="7" ind2=" ">
      <subfield code="a">princeton_aco004030</subfield>
      <subfield code="2">local</subfield>
   </datafield>
   <datafield ind1=" " ind2=" " tag="035">
      <subfield code="a">(OCoLC)ocm20122041</subfield>
   </datafield>
   <datafield ind1=" " ind2=" " tag="035">
      <subfield code="9">CNE9889TS</subfield>
   </datafield>
   <datafield ind1=" " ind2=" " tag="040">
      <subfield code="a">CUS</subfield>
      <subfield code="c">CUS</subfield>
      <subfield code="d">PUL</subfield>
   </datafield>
   <datafield ind1="0" ind2=" " tag="100">
      <subfield code="a">Abū al-Faraj al-Iṣbahānī,</subfield>
      <subfield code="d">897 or 898-967.</subfield>
      <subfield code="0">http://id.loc.gov/authorities/names/n80065804</subfield>
   </datafield>
   <datafield ind1="1" ind2="0" tag="245">
      <subfield code="a">Kitāb al-aghānī,</subfield>
      <subfield code="c">li-Abī al-Faraj al-Iṣbahānī.</subfield>
   </datafield>
   <datafield ind1=" " ind2=" " tag="260">
      <subfield code="a">Cairo,</subfield>
      <subfield code="b">Maṭbaʻat al-taqaddum</subfield>
      <subfield code="c">[1323, 1905]</subfield>
   </datafield>
   <datafield ind1=" " ind2=" " tag="300">
      <subfield code="a">21 v. in 7.</subfield>
      <subfield code="c">27 cm.</subfield>
   </datafield>
   <datafield ind1=" " ind2=" " tag="500">
      <subfield code="a">Four indices, each with separate title page bound with v. 21. Imprint of indices: [Cairo] Maṭbaʻat al-jumhūr, 1323 [1905]</subfield>
   </datafield>
   <datafield ind1=" " ind2=" " tag="500">
      <subfield code="a">Lacking p. 183-190 in v. 21.</subfield>
   </datafield>
   <datafield ind1="0" ind2=" " tag="740">
      <subfield code="a">Aghānī.</subfield>
   </datafield>
   <datafield ind1=" " ind2=" " tag="945">
      <subfield code="a">F</subfield>
      <subfield code="b">1</subfield>
      <subfield code="c">2264.1068.352.1905</subfield>
      <subfield code="e">v.1-21</subfield>
   </datafield>
   <datafield ind1=" " ind2=" " tag="945">
      <subfield code="a">F</subfield>
      <subfield code="b">2</subfield>
      <subfield code="c">2264.1068.352.1905</subfield>
      <subfield code="e">v.1-21 (Photo.)</subfield>
   </datafield>
   <datafield ind1=" " ind2=" " tag="911">
      <subfield code="a">20000130</subfield>
   </datafield>
   <datafield ind1="8" ind2="1" tag="852">
      <subfield code="0">3067056</subfield>
      <subfield code="b">rcppa</subfield>
      <subfield code="t">2</subfield>
      <subfield code="h">2264.1068.352.1905</subfield>
      <subfield code="x">tr fr f</subfield>
   </datafield>
   <datafield ind1=" " ind2="0" tag="866">
      <subfield code="0">3067056</subfield>
      <subfield code="8">0</subfield>
      <subfield code="a">v.1-21 (Photo.)</subfield>
   </datafield>
   <datafield ind1=" " ind2=" " tag="959">
      <subfield code="a">2003-03-18 08:33:12 -0400</subfield>
   </datafield>
</record>
